<?xml version="1.0" encoding="UTF-8"?><collection><record><leader>06583ntm a2200529 a 4500</leader><controlfield tag="001">006821994</controlfield><controlfield tag="003">MiAaHDL</controlfield><controlfield tag="005">20190719000000.0</controlfield><controlfield tag="006">m        d        </controlfield><controlfield tag="007">cr bn ---auaua</controlfield><controlfield tag="008">090623s17uu    xx            00| ||ota d</controlfield><datafield tag="035" ind1=" " ind2=" "><subfield code="a">(MiU)006821994</subfield></datafield><datafield tag="035" ind1=" " ind2=" "><subfield code="a">sdr-miu006821994</subfield></datafield><datafield tag="040" ind1=" " ind2=" "><subfield code="a">MiU</subfield><subfield code="c">MiU</subfield><subfield code="e">amremm</subfield></datafield><datafield tag="041" ind1="0" ind2=" "><subfield code="a">ota</subfield></datafield><datafield tag="043" ind1=" " ind2=" "><subfield code="a">n-us-mi</subfield></datafield><datafield tag="100" ind1="1" ind2=" "><subfield code="6">880-01</subfield><subfield code="a">Sadeddin, Hoca,</subfield><subfield code="d">1536-1599.</subfield></datafield><datafield tag="240" ind1="1" ind2="0"><subfield code="6">880-02</subfield><subfield code="a">Tac-üt-tevarih</subfield></datafield><datafield tag="245" ind1="1" ind2="0"><subfield code="6">880-03</subfield><subfield code="a">Tacüʻt-tevarih fi tarihü'd-Devletü'l-Osmaniye,</subfield><subfield code="f">[18th century?].</subfield></datafield><datafield tag="246" ind1="3" ind2=" "><subfield code="6">880-04</subfield><subfield code="a">تاج التواريخ في الدولة العثمانية</subfield></datafield><datafield tag="260" ind1=" " ind2=" "><subfield code="c">[17--?].</subfield></datafield><datafield tag="300" ind1=" " ind2=" "><subfield code="a">639 leaves :</subfield><subfield code="b">paper ;</subfield><subfield code="c">285 x 160 (190 x 75) mm.</subfield></datafield><datafield tag="500" ind1=" " ind2=" "><subfield code="a">Shelfmark: Ann Arbor, University of Michigan, Special Collections Library, Isl. Ms. 381</subfield></datafield><datafield tag="500" ind1=" " ind2=" "><subfield code="a">Origin: Lacks dated colophon ; paper, etc. suggest 18th century.</subfield></datafield><datafield tag="500" ind1=" " ind2=" "><subfield code="a">Former shelfmark: "177 T. De M. [i.e. Tammaro De Marinis]" inscribed in pencil on recto of front flyleaf.</subfield></datafield><datafield tag="500" ind1=" " ind2=" "><subfield code="a">Binding: Pasteboards covered in black leather with dark red leather over spine and fore edge flap ; Type II binding ; pastedowns and flyleaves in silver-flecked orange paper, hinge and pastedown once covered with pink wove paper ; upper and lower covers block-stamped with gold-painted vegetal design and central mandorla of blue paper, red paper, and green silk covered by gilded leather filigree and surrounded by pendants and cornerpieces as well as tooled border and block-stamped, gilded rectangles above and below, band of red paper, blue paper, and green silk lozenges covered with gilded leather filigree, flanked by tooled borders in gold, and surrounded by tooled border in a series of s-shaped stamps in gold ; sewn in red thread, two stations ; worked chevron endbands in light green, dark blue, and pink thread ; overall in fair condition with some abrasion, pest damage, loss areas, and corner damage, large losses in upper pastedown.</subfield></datafield><datafield tag="500" ind1=" " ind2=" "><subfield code="a">Support: European laid paper of at least two types ; first type with roughly 12 laid lines per cm. (horizontal) and chain lines (vertical) spaced roughly 22 mm. apart, burnished, thin and crisp with watermark of grapes surmounted by a cartouche inscribed with "I R" and a crown motif (see p.184, etc., compare 2384 in Heawood lf. 94, Raison no. 22, p.28, 385 in Velkov, Les Filigranes dans les documents Ottomans, appearing in a ms. transcribed in Istanbul, 1727) ; second type with roughly 13 laid lines per cm. (horizontal) and chain lines (vertical) spaced roughly 25 mm. apart, burnished, thin and crisp with watermark of grapes surmounted by a cartouche inscribed with "GAILLIARDON [?]" and a crown motif (see p.200, etc., compare Raisin no.30 A, pp.28-29, 52, 387 in Velkov, appearing in a ms. transcribed in Istanbul, 1749).</subfield></datafield><datafield tag="500" ind1=" " ind2=" "><subfield code="a">Decoration: Superb illuminated headpiece (ʻunwān / sarlawḥ) at opening on p.2 consisting of a rectanglular piece with empty gold cartouche surrounded by vegetal designs in pink, red, white, and gold on a blue field surmounted by a w-shaped piece filled with vegetal designs in pink, red, white, and gold on a blue field with delicate vertical stalks (tīgh) in red and blue above, all set in a well of red bands with white crosses, a thick band of geometric interlace, and a thin blue band with white crosses ; additional illuminated headpieces on pages 451, 609, and 932 less elaborate than the initial headpiece and each with scalloped semi-circular piece surmounting similar rectangular piece ; text of written area surrounded by frame consisting of a thick gold band defined by black fillets, divisions within defined by thin gold bands outlined by black fillets ; keywords and headings mainly rubricated but also supplied in blue ink (p.154-159), in orange ink (p.438-450), and chrysographed (after p.1218) in certain sections ; textual dividers in the form of inverted commas mainly in dark red but supplied in blue ink p.154-159, in orange ink p.438-450, and chrysographed after p.1218).</subfield></datafield><datafield tag="500" ind1=" " ind2=" "><subfield code="a">Script: Nastaʻlīq (talik) ; elegant hand in a medium line ; serifless, with effect of words descending to baseline, mainly closed counters, elongation and contrasting thickness of horizontal strokes, and pointing mainly in conjoined dots.</subfield></datafield><datafield tag="500" ind1=" " ind2=" "><subfield code="a">Layout: Written in 25 lines per page, occasionally divided to two or three columns to set off poetry ; frame-ruled.</subfield></datafield><datafield tag="500" ind1=" " ind2=" "><subfield code="a">Collation: ii, 63 V (630), IV+1 (639), i ; chiefly quinions ; oblique catchwords on the verso of each leaf ; pagination in pencil, Western numerals, supplied during cataloguing.</subfield></datafield><datafield tag="500" ind1=" " ind2=" "><subfield code="a">Explicit: "وبارك لنا فيهم و جعلنا في لاآخرة من مجاوريهم "</subfield></datafield><datafield tag="500" ind1=" " ind2=" "><subfield code="a">Incipit: "ابتدى بسم ربى المتعال مالك الملك واهب الامال ..."</subfield></datafield><datafield tag="500" ind1=" " ind2=" "><subfield code="a">Title from inscription on added 'title page' (front flyleaf).</subfield></datafield><datafield tag="500" ind1=" " ind2=" "><subfield code="a">Ms. codex.</subfield></datafield><datafield tag="510" ind1="4" ind2=" "><subfield code="a">Velkov, Asparouh. Les Filigranes dans les documents Ottomans: divers types d'images. Sofia: Éditions "Texte - A. Trayanov", 2005.</subfield></datafield><datafield tag="510" ind1="4" ind2=" "><subfield code="a">Cat. Turk. MSS. Brit. Mus.</subfield><subfield code="c">pp.51-52</subfield></datafield><datafield tag="520" ind1="8" ind2=" "><subfield code="a">Elegant copy of Tacüʻt-tevarih, the celebrated history of the Ottomans from their beginnings to the death of Selim I (r.1512-1520) carefully composed by the well-known Ottoman şeyhülislam, statesman and historian, Hoca Sadeddin Efendi (d.1599). Descriptive contributions from Nick Krabbenhoeft.</subfield></datafield><datafield tag="538" ind1=" " ind2=" "><subfield code="a">Mode of access: Internet.</subfield></datafield><datafield tag="541" ind1=" " ind2=" "><subfield code="c">Purchase ;</subfield><subfield code="a">Acquired by purchase (funds donated by Horace Rackham).</subfield><subfield code="d">1924.</subfield></datafield><datafield tag="546" ind1=" " ind2=" "><subfield code="a">Ottoman Turkish.</subfield></datafield><datafield tag="561" ind1=" " ind2=" "><subfield code="a">Kabīkaj invocation ("يا كبكيج" [sic]) on front flyleaf ; inscription in ink in Hindu-Arabic numerals "1200" on front flyleaf ; traces of three oval seal impressions on 'title page' (p.1) as well as rectangular (fairly square) seal impression (inscription fairly illegible) ; inscription in purple colored pencil on p.1277 "105 DR, AR" ; relatively clean copy with occasional marginal glosses.</subfield></datafield><datafield tag="650" ind1=" " ind2="0"><subfield code="a">Manuscripts, Turkish</subfield><subfield code="z">Michigan</subfield><subfield code="z">Ann Arbor.</subfield></datafield><datafield tag="651" ind1=" " ind2="0"><subfield code="a">Turkey</subfield><subfield code="x">History</subfield><subfield code="y">1453-1683</subfield><subfield code="v">Early works to 1800.</subfield></datafield><datafield tag="651" ind1=" " ind2="0"><subfield code="a">Turkey</subfield><subfield code="x">History</subfield><subfield code="y">1288-1453</subfield><subfield code="v">Early works to 1800.</subfield></datafield><datafield tag="700" ind1="0" ind2=" "><subfield code="a">Abdülhamid</subfield><subfield code="b">II,</subfield><subfield code="c">Sultan of the Turks,</subfield><subfield code="d">1842-1918,</subfield><subfield code="e">former owner.</subfield></datafield><datafield tag="773" ind1="0" ind2=" "><subfield code="a">Abdul Hamid Collection.</subfield></datafield><datafield tag="880" ind1="3" ind2=" "><subfield code="6">246-04/</subfield><subfield code="a">Tāj al-tawārīkh fī al-dawlah al-ʻUthmānīyah</subfield></datafield><datafield tag="880" ind1="1" ind2="0"><subfield code="6">245-03/</subfield><subfield code="a">تاج التوارخ فى تاريخ الدوله العثمانيه,</subfield><subfield code="f">[القرن 18م؟].</subfield></datafield><datafield tag="880" ind1="1" ind2=" "><subfield code="6">100-01/</subfield><subfield code="a">صعد الدين، خواجه.</subfield></datafield><datafield tag="CID" ind1=" " ind2=" "><subfield code="a">006821994</subfield></datafield><datafield tag="DAT" ind1="0" ind2=" "><subfield code="a">20190719102640.0</subfield><subfield code="b">20190719000000.0</subfield></datafield><datafield tag="DAT" ind1="1" ind2=" "><subfield code="a">20190719090653.0</subfield><subfield code="b">2019-07-19T16:12:25Z</subfield></datafield><datafield tag="DAT" ind1="2" ind2=" "><subfield code="a">2015-10-02T18:00:03Z</subfield></datafield><datafield tag="CAT" ind1=" " ind2=" "><subfield code="a">SDR-MIU</subfield><subfield code="d">EX LIBRIS - ALEPH</subfield><subfield code="l">prepare.pl-004-008</subfield></datafield><datafield tag="FMT" ind1=" " ind2=" "><subfield code="a">BK</subfield></datafield><datafield tag="HOL" ind1=" " ind2=" "><subfield code="0">sdr-miu006821994</subfield><subfield code="a">MiU</subfield><subfield code="b">SDR</subfield><subfield code="c">MIU</subfield><subfield code="p">mdp.39015079130483</subfield><subfield code="s">MIU</subfield><subfield code="1">006821994</subfield></datafield><datafield tag="974" ind1=" " ind2=" "><subfield code="b">MIU</subfield><subfield code="c">MIU</subfield><subfield code="d">20190719</subfield><subfield code="s">lit-dlps-dc</subfield><subfield code="u">mdp.39015079130483</subfield><subfield code="y">1799</subfield><subfield code="r">pd</subfield><subfield code="q">bib</subfield><subfield code="t">non-US bib date1 &lt; 1896</subfield></datafield></record></collection>